<record><leader>00000cas a22000007a 4500</leader><controlfield tag="001">16972996</controlfield><controlfield tag="008">871112d19201923iauwr ne      0    0eng d</controlfield><datafield ind1=" " ind2=" " tag="010"><subfield code="a">sn 87057858 </subfield></datafield><datafield ind1=" " ind2=" " tag="040"><subfield code="a">INP</subfield><subfield code="b">eng</subfield><subfield code="c">INP</subfield><subfield code="d">OCLCQ</subfield></datafield><datafield ind1=" " ind2=" " tag="042"><subfield code="a">msc</subfield></datafield><datafield ind1="0" ind2=" " tag="130"><subfield code="a">Record (Kimballton, Iowa)</subfield></datafield><datafield ind1="1" ind2="4" tag="245"><subfield code="a">The record.</subfield></datafield><datafield ind1=" " ind2=" " tag="260"><subfield code="a">Kimballton, Audubon County, Iowa :</subfield><subfield code="b">[s.n.]</subfield></datafield><datafield ind1=" " ind2=" " tag="300"><subfield code="a">v.</subfield></datafield><datafield ind1=" " ind2=" " tag="310"><subfield code="a">Weekly</subfield></datafield><datafield ind1="0" ind2=" " tag="362"><subfield code="a">Vol. 8, no. 34 (Aug. 19, 1920)-</subfield></datafield><datafield ind1="1" ind2=" " tag="362"><subfield code="a">Ceased in 1923?</subfield></datafield><datafield ind1=" " ind2=" " tag="500"><subfield code="a">Publishers: Hansen &amp; Woodbury, Oct. 13-&lt;Dec. 22, 1921&gt;.</subfield></datafield><datafield ind1=" " ind2=" " tag="752"><subfield code="a">United States</subfield><subfield code="b">Iowa</subfield><subfield code="c">Audubon</subfield><subfield code="d">Kimballton.</subfield></datafield><datafield ind1=" " ind2=" " tag="752"><subfield code="a">United States</subfield><subfield code="b">Iowa</subfield><subfield code="c">Shelby.</subfield></datafield><datafield ind1="0" ind2="0" tag="780"><subfield code="t">Kimballton-Elk Horn record</subfield><subfield code="w">(DLC)sn 87057935</subfield></datafield></record>